@article{bloom,
    author    = "Bloom, Burton H.",
    title     = "Space/Time Trade-offs in Hash Coding with Allowable Errors",
    journal =      "Communications of the ACM",
    volume =       "13",
    number =       "7",
    pages =        "422--426",
    year =         "1970",
}
